@ARTICLE{R1988,
    AUTHOR =    "Sherwin Rosen",
    TITLE =     "The Value of Changes in Life Expectancy",
    JOURNAL =   "Journal of Risk and Uncertainty",
    YEAR =      "1988",
    volume =    "1",
    pages =     "285-304",
}

@ARTICLE{V1993,
    AUTHOR =    "W. Kip Viscusi",
    TITLE =     "The Value of Risks to Life and Health",
    JOURNAL =   "Journal of Economic Literature",
    YEAR =      "1993",
    volume =    "31",
    pages =     "1912-1946",
    month =     "December",
}

@ARTICLE{AY2005a,
   AUTHOR =     "Alwyn Young",
   TITLE =      "The Gift of Dying: The Tragedy of AIDS and the Welfare of Future African Generations",
   JOURNAL =    "Quarterly Journal of Economics",
   YEAR =       "2005",
   volume =     "120",
   pages =      "243-266",
   month =      "May",
}

@UNPUBLISHED{DFT2009,
   AUTHOR =     "Angus Deaton and Jane Fortson and Robert Tortora",
   TITLE =      "Life (Evaluation), HIV/AIDS, and Death in Africa",
   NOTE =       "NBER Working Paper 14637",
   year =       "2009",
   month =      "January",
}

@UNPUBLISHED{SY2009,
   AUTHOR =     "Fiona Stewart and Juan Yermo",
   TITLE =      "Pensions in Africa",
   NOTE =       "OECD Working Papers on Insurance and Private Pensions No. 30",
   year =       "2009",
   month =      "January",
}

@ARTICLE{WBA1981,
   AUTHOR =     "W. B. Arthur",
   TITLE =      "The Economics of Risks to Life",
   JOURNAL =    "The American Economic Review",
   Volume =     "71",
   YEAR =       "1981",
   pages =      "54-64",
   month =      "March",
   number =     "1",
}

@ARTICLE{LS1982,
   AUTHOR =     "J. Steven Landefeld and Eugene P. Seskin",
   TITLE =      "The Economic Value of Life: Linking Theory to Practice",
   JOURNAL =    "American Journal of Public Health",
   YEAR =       "1982",
   pages =      "555-566",
   month =      "June",
   volume =     "72",
   number =     "6",
}


@article{eoQJE,
   author = "Emily Oster",
   title = "Sexually Transmitted Infections, Sexual Behavior, and the HIV/AIDS Epidemic",
   journal = "Quarterly Journal of Economics",
   volume = 120,
   pages = "467-515",
   year = "2005",
}

@unpublished{eo2009,
   author = "Emily Oster",
   title = "HIV and Sexual Behavior Change",
   note = "University of Chicago Mimeo",
   month = "June",
   year = "2009",
}

@unpublished{HO2010,
   author = "Timothy Hallet and Meade Over",
   title = "How to Pay ``Cash-on-Delivery'' for HIV Infections Averted: Two Measurement Approaches and Ten Payout Functions",
   note = "Center for Global Development Working Paper 210",
   month = "April",
   year = "2010",
}

@unpublished{eo2007,
   author = "Emily Oster",
   title = "Routes to Infection: Exports and HIV Incidence in Sub-Saharan Africa",
   note = "NBER Working Paper 13610",
   month = "November",
   year = "2007",
}

@article{kremer1996,
   author="Michael Kremer",
   title = "Integrating Behavioral Choice into Epidemiological Models of AIDS",
   journal = "Quarterly Journal of Economics",
   volume = "111",
   pages = "549-573",
   year = "1996",
}

@article{Ulin1992,
   author="Priscilla Ulin",
   title = "African Women and AIDS: Negotiating Behavioral Change",
   journal = "Social Science \& Medicine",
   volume = "34",
   pages = "63-73",
   year = "1992",
}

@unpublished{AY2005b,
    AUTHOR =    "Alwyn Young",
    TITLE =     "In Sorrow to Bring Forth Children: Fertility amidst the Plague of HIV",
    NOTE =      "University of Chicago - Booth Mimeo",
    YEAR =      "2005",
    month =     "March",
}

@unpublished{JF2008,
    AUTHOR =    "Jane Fortson",
    TITLE =     "Mortality Risk and Human Capital Investment: The Impact of HIV/AIDS in Sub-Saharan Africa",
    NOTE =      "University of Chicago - Mimeo",
    YEAR =      "2008",
    month =     "September",
}

@ARTICLE{CGM2005,
    AUTHOR =    "Paul Corrigan and Gerhard Glomm and Fabio Mendez",
    TITLE =     "AIDS Crisis and Growth",
    JOURNAL =   "Journal of Development Economics",
    YEAR =      "2005",
    volume =    "77",
    issue =     "1",
    pages =     "107-124",
    month =     "June",
}

@ARTICLE{BM1997,
    AUTHOR =    "David E. Bloom and Ajay S. Mahal",
    TITLE =     "Does the AIDS Epidemic Threaten Economic Growth?",
    JOURNAL =   "Journal of Econometrics",
    YEAR =      "1997",
    volume =    "77",
    pages =     "105-124",
}

@ARTICLE{KDO1992,
    AUTHOR =    "Gerard Kambou and Shantayanan Devarejan and Meade Over",
    TITLE =     "The Economic Impact of AIDS in an African Country: Simulations with a Computable General Equilibrium Model of Cameroon",
    JOURNAL =   "Journal of African Economies",
    YEAR =      "1992",
    volume =    "1",
    number =    "1",
    pages =     "109-130",
}

@ARTICLE{O1992,
    AUTHOR =    "Meade Over",
    TITLE =     "The Macroeconomic Impact of AIDS in Sub-Saharan Africa",
    JOURNAL =   "Technical working paper no.3 (World Bank, Africa Technical department, Washington, DC)",
    YEAR =      "1992",
    pages =     "1-35",
    month =     "June",
}

@BOOK{BW2006,
  AUTHOR =       "Tony Barnett and Alan Whiteside",
  TITLE =        "AIDS in the Twenty-First Century: Disease and Globalization",
  PUBLISHER =    "Palgrave Macmillan",
  YEAR =         "2006",
  edition =      "2nd",
}

@ARTICLE{AO1997,
  AUTHOR =       "Martha Ainsworth and Meade Over",
  TITLE =        "Confronting AIDS: Public Priorities in a Global Epidemic",
  JOURNAL =      "World Bank Report - Oxford University Press",
  YEAR =         "1997",
}

@ARTICLE{AO1994,
  AUTHOR =       "Martha Ainsworth and Meade Over",
  TITLE =        "AIDS and African Development",
  JOURNAL =      "The World Bank Research Observer",
  YEAR =         "1994",
  pages =        "203-240",
}

@ARTICLE{HB2002,
  AUTHOR =       "Amar Hamoudi and Nancy Birdsall",
  TITLE =        "HIV/AIDS and the Accumulation and Utilization of Human Capital in Africa",
  JOURNAL =      "Working Paper no. 2 (Center for Global Development)",
  YEAR =         "2002",
  pages =        "1-35",
  month =        "January",
}

@ARTICLE{CH1995,
  AUTHOR =       "John T. Cuddington and John D. Hancock",
  TITLE =        "The Macroeconomic Impact of AIDS in Malawi: a Dualistic, Labour Surplus Economy",
  JOURNAL =      "Journal of African Economies",
  YEAR =         "1995",
  volume =       "4",
  number =       "1",
  pages =        "1-28",
}

@ARTICLE{CH1994,
  AUTHOR =       "John T. Cuddington and John D. Hancock",
  TITLE =        "Assessing the Impact of AIDS on the Growth Path of the Malawian Economy",
  JOURNAL =      "Journal of Development Economics",
  YEAR =         "1994",
  volume =       "43",
  pages =        "363-368",
}

@ARTICLE{CHR1994,
  AUTHOR =       "John T. Cuddington and John D. Hancock and Carol Ann Rogers",
  TITLE =        "A Dynamic Aggregative Model of the AIDS Epidemic with Possible Policy Interventions",
  JOURNAL =      "Journal of Policy Modeling",
  YEAR =         "1994",
  volume =       "16",
  number =       "5",
  pages =        "473-496",
}

@ARTICLE{Al2000,
  AUTHOR =       "Channing Arndt and Jeffrey Lewis",
  TITLE =        "The Macro Implications of HIV/AIDS in South Africa: A Preliminary Assessment",
  JOURNAL =      "Journal of South African Economics",
  YEAR =         "2000",
  volume =       "68",
  number =       "5",
  pages =        "856-887",
}

@ARTICLE{Al2001,
  AUTHOR =       "Channing Arndt and Jeffrey Lewis",
  TITLE =        "The HIV/AIDS Pandemic in South Africa: Sectoral Impacts and Unemployment",
  JOURNAL =      "Journal of International Development",
  YEAR =         "2001",
  volume =       "13",
  pages =        "427-449",
}

@ARTICLE{B2000,
  AUTHOR =       "R Bonnel",
  TITLE =        "HIV/AIDS and Economic Growth: A Global Perspective",
  JOURNAL =      "Journal of South African Economics",
  YEAR =         "2000",
  volume =       "68",
  number =       "5",
  pages =        "820-855",
}

@ARTICLE{UNA2009,
  AUTHOR =       "UNAIDS",
  TITLE =        "AIDS Epidemic Update",
  JOURNAL =      "Special Report on HIV/AIDS",
  YEAR =         "2009",
}

@ARTICLE{BDG2003,
  AUTHOR =       "Clive Bell and Shantayanan Devarajan and Hans Gersbach",
  TITLE =        "The Long-run Economic Costs of AIDS: Theory and an Application to South Africa",
  JOURNAL =      "Washington, DC: World Bank",
  YEAR =         "2003",
}

@ARTICLE{C1993a,
  AUTHOR =       "John T. Cuddington",
  TITLE =        "Modeling the Macroeconomic Effects of AIDS, with an Application to Tanzania",
  JOURNAL =      "World Bank Economic Review",
  YEAR =         "1993a",
  volume =       "7",
  number =       "2",
  pages =        "173-189",
}

@ARTICLE{C1993b,
  AUTHOR =       "John T. Cuddington",
  TITLE =        "Further Results on the Macroeconomic Effects of AIDS: The Dualistic Labour-Surplus Economy",
  JOURNAL =      "Journal of South African Economics",
  YEAR =         "1993b",
  volume =       "7",
  number =       "3",
  pages =        "403-417",
}

@ARTICLE{DMR2002,
  AUTHOR =       "Simon Dixon and Scott McDonald and Jennifer Roberts",
  TITLE =        "The Impact of HIV and AIDS on Africa's Economic Development",
  JOURNAL =      "British Medical Journal",
  YEAR =         "2002",
  volume =       "324",
  pages =        "232-234",
  month =        "January",
}

@ARTICLE{DMR2001,
  AUTHOR =       "Simon Dixon and Scott McDonald and Jennifer Roberts",
  TITLE =        "AIDS and Economic Growth in Africa: A Panel Data Analysis",
  JOURNAL =      "Journal of International Development",
  YEAR =         "2001",
  volume =       "13",
  pages =        "411-426",
}

@ARTICLE{WBS2001a,
  AUTHOR =       "{World Bank}",
  TITLE =        "Swaziland: Selected Development Impact of HIV/AIDS",
  JOURNAL =      "World Bank Macroeconomic Technical Group (Africa Region)",
  YEAR =         "2001a",
  volume =       "Report No: 22944",
}

@ARTICLE{WBN2001b,
  AUTHOR =       "{World Bank}",
  TITLE =        "Namibia: Selected Development Impact of HIV/AIDS",
  JOURNAL =      "World Bank Macroeconomic Technical Group (Africa Region)",
  YEAR =         "2001b",
  volume =       "Report No: 22046",
}

@ARTICLE{WBL2000,
  AUTHOR =       "{World Bank}",
  TITLE =        "Lesotho: Selected Development Impact of HIV/AIDS",
  JOURNAL =      "World Bank Macroeconomic Technical Group (Africa Region)",
  YEAR =         "2001",
  volume =       "Report No: 21103",
}

@ARTICLE{BIDPA2000,
  AUTHOR =       "{Botswana Institute for Development Policy Analysis}",
  TITLE =        "Macroeconomic Impact of the HIV/AIDS Epidemic in Botswana",
  JOURNAL =      "Gaborone, Botswana: BIDPA",
  YEAR =         "2000",
}

@ARTICLE{Arndt2003,
  AUTHOR =       "Channing Arndt",
  TITLE =        "HIV/AIDS, Human Capital, and Economic Growth Prospects for Mozambique",
  JOURNAL =      "Journal of Policy Modeling",
  YEAR =         "2006",
  volume =       "28",
  number =       "5",
  pages =        "477-489",
}

@ARTICLE{HG2002,
  AUTHOR =       "James Hargreaves and Judith Glynn",
  TITLE =        "Educational Attainment and HIV-I Infection in Developing Countries: a Systematic Review",
  JOURNAL =      "Tropical Medicine and International Health",
  YEAR =         "2002",
  volume =       "7",
  number =       "6",
  pages =        "489-498",
}

@ARTICLE{Piot2001,
  AUTHOR =       "Peter Piot and Michael Bartos and Peter D. Ghys and Neff Walker and Bernhard Schwartlander",
  TITLE =        "The Global Impact of HIV/AIDS",
  JOURNAL =      "Nature",
  YEAR =         "2001",
  volume =       "410",
  pages =        "968-973",
}

@ARTICLE{VD2000,
  AUTHOR =       "Jan Vandermoortele and Enrique Delamonica",
  TITLE =        "The ``Education Vaccine'' Against HIV",
  JOURNAL =      "Current Issues in Comparative Education",
  YEAR =         "2000",
  volume =       "3",
  number =       "1",
}

@ARTICLE{GA2000,
  AUTHOR =       "L Guinness and A Alban",
  TITLE =        "The Economic Impact of AIDS in Africa, A Review of the Literature",
  JOURNAL =      "UNAIDS background paper for the ADF 2000",
  YEAR =         "2000",
}

@BOOK{PO1993,
  AUTHOR =       "Peter Piot and Meade Over",
  TITLE =        "HIV Infection and Sexually Transmitted Diseases in Disease Control Priorities in Developing Countries",
  Publisher =    "Oxford University Press",
  YEAR =         "1993",
  chapter =       "20",
  pages =        "455-527",
}

@BOOK{HE2007,
  AUTHOR =       "Helen Epstein",
  TITLE =        "The Invisible Cure: Africa, the West, and the Fight Against AIDS",
  Publisher =    "Farrar, Straus and Giroux",
  YEAR =         "2007",
}

@ARTICLE{DW2006,
  AUTHOR =       "Damien de Walque",
  TITLE =        "Who Gets AIDS and How? The Determinants of HIV Infection and Sexual Behaviors in Burkina Faso, Cameroon, Ghana, Kenya, and Tanzania",
  JOURNAL =      "World Bank Policy Research Working Paper 3844",
  YEAR =         "2006",
  pages =        "1-51",
}

@unpublished{RS2007,
    AUTHOR =    "Ra\''{u}''l Santaeul\`{a}lia-Llopis",
    TITLE =     "Aggregate Effects of AIDS on Development",
    NOTE =      "University of Pennsylvania - Mimeo",
    YEAR =      "2007",
    month =     "December",
}

@ARTICLE{AAP2010,
    AUTHOR =    "Smriti Agarwal and Pedro de Araujo and Jayash Paudel",
    TITLE =     "HIV Related Knowledge and Risky Sexual Behavior in sub-Saharan Africa",
    JOURNAL =   "Oxford Development Studies (forthcoming)",
    YEAR =      "2012",
}

@ARTICLE{PDA2008,
    AUTHOR =    "Pedro de Araujo",
    TITLE =     "The HIV Epidemic, Skill Heterogeneity, and Output",
    JOURNAL =   "Review of Development Economics",
    YEAR =      "2012",
    volume =    "16",
    number =    "1",
    pages =     "1-15",
}

@ARTICLE{NM1999,
  AUTHOR =       "Nicolas Meda and others",
  TITLE =        "Low and stable HIV infection rates in Senegal: natural course of the epidemic or evidence for success of prevention?",
  JOURNAL =      "AIDS",
  YEAR =         "1999",
  volume =       "13",
  pages =        "1397-1405",
}

@ARTICLE{EG2006,
  AUTHOR =       "Edward Green and others",
  TITLE =        "Uganda's HIV Prevention Success: The Role of Sexual Behavior Change and the National Response",
  JOURNAL =      "AIDS and Behavior",
  YEAR =         "2006",
  volume =       "10",
  number =       "4",
  pages =        "335-346",
}

@ARTICLE{Bloom2000,
  AUTHOR =       "S Bloom and others",
  TITLE =        "Looking for change in response to the AIDS epidemic: trends in AIDS knowledge and sexual behavior in Zambia, 1990 through 1998.",
  JOURNAL =      "Journal of Acquired Immune Deficiency Syndrome",
  YEAR =         "2000",
  volume =       "25",
  number =       "1",
  pages =        "77-85",
}

@ARTICLE{L1996,
  AUTHOR =       "Gilles Lagarde and others",
  TITLE =        "Knowledge, attitudes and perception of AIDS in rural Senegal: relationship to sexual behaviour and behaviour change",
  JOURNAL =      "AIDS",
  YEAR =         "1996",
  volume =       "10",
  number =       "3",
  pages =        "327-334",
}

@ARTICLE{Lin1991,
  AUTHOR =       "C Lindan and others",
  TITLE =        "Knowledge, attitudes, and perceived risk of AIDS among urban Rwandan women: relationship to HIV infection and behavior change",
  JOURNAL =      "AIDS",
  YEAR =         "1991",
  volume =       "5",
  number =       "8",
  pages =        "993-1002",
}

@ARTICLE{Ng1996,
  AUTHOR =       "J Ng'weshemi and others",
  TITLE =        "Changes in male sexual behaviour in response to the AIDS epidemic: evidence from a cohort study in urban Tanzania",
  JOURNAL =      "AIDS",
  YEAR =         "1996",
  volume =       "10",
  number =       "12",
  pages =        "1415-1420",
}

@ARTICLE{Wil2003,
  AUTHOR =       "B Williams and others",
  TITLE =        "Changing patterns of knowledge, reported behaviour and sexually transmitted infections in a South African gold mining community",
  JOURNAL =      "AIDS",
  YEAR =         "2003",
  volume =       "17",
  number =       "14",
  pages =        "2099-2107",
}

@ARTICLE{Stone2004,
  AUTHOR =       "Rand Stoneburner and Daniel Low-Beer",
  TITLE =        "Population-Level HIV Declines and Behavioral Risk Avoidance in Uganda",
  JOURNAL =      "Science",
  YEAR =         "2004",
  volume =       "304",
  pages =        "714-718",
}

@ARTICLE{Cald1999,
  AUTHOR =       "John Caldwell and others",
  TITLE =        "Resistances to Behavioural Change to Reduce HIV/AIDS Infection in Predominantly Heterosexual Epidemics in Third World Countries,",
  JOURNAL =      "Health Transition Centre",
  YEAR =         "1999",
}

@unpublished{PD2009,
    AUTHOR =    "Pascaline Dupas",
    TITLE =     "Do Teenagers Respond to HIV Risk Information? Evidence from a Field Experiment in Kenya",
    NOTE =      "NBER Working Paper 14707",
    YEAR =      "2009",
}
@ARTICLE{HC1994,
  AUTHOR =       "Hector Correa",
  TITLE =        "A model for the analysis of optimal policies to control the AIDS epidemic",
  JOURNAL =      "Journal of Policy Modeling",
  YEAR =         "1994",
  volume =       "16",
  number =       "1",
  pages =        "97-111",
}
@ARTICLE{RVP2002,
  AUTHOR =       "David A. Robalino and Albertus Voetberg and Oscar Picazo",
  TITLE =        "The macroeconomic impacts of AIDS in Kenya estimating optimal reduction targets for the HIV/AIDS incidence rate",
  JOURNAL =      "Journal of Policy Modeling",
  YEAR =         "2002",
  volume =       "24",
  number =       "2",
  pages =        "195-218",
}
@ARTICLE{RS2008,
  AUTHOR =       "Terry L. Roe and Rodney B.W. Smith",
  TITLE =        "Disease dynamics and economic growth",
  JOURNAL =      "Journal of Policy Modeling",
  YEAR =         "2008",
  volume =       "30",
  number =       "1",
  pages =        "145-168",
}
@ARTICLE{GV2001,
  AUTHOR =       "Sanjeev Gupta and Marijn Verhoeven",
  TITLE =        "The efficiency of government expenditure: experiences from Africa",
  JOURNAL =      "Journal of Policy Modeling",
  YEAR =         "2001",
  volume =       "23",
  number =       "4",
  pages =        "433-467",
}
@ARTICLE{B2010,
  AUTHOR =       "Robert J. Brent",
  TITLE =        "A social cost-benefit criterion for evaluating Voluntary Counseling and Testing with an application to Tanzania",
  JOURNAL =      "Health Economics",
  YEAR =         "2010",
  volume =       "19",
  number =       "2",
  pages =        "154-172",
}
@ARTICLE{Setal2000,
  AUTHOR =       "M Sweat and others",
  TITLE =        "Cost-effectiveness of voluntary HIV-1 counselling and testing in reducing sexual transmission of HIV-1 in Kenya and Tanzania",
  JOURNAL =      "Lancet",
  YEAR =         "2000",
  volume =       "356",
  number =       "9224",
  pages =        "113-121",
}

@ARTICLE{GF2011,
  AUTHOR =       "GFFATM",
  TITLE =        "Making a Difference - Global Fund Results Report 2011",
  JOURNAL =      "Progress Reports",
  YEAR =         "2011",
}
@ARTICLE{DW2009,
    AUTHOR =    "Damien de Walque",
    TITLE =     "Does Education Affect HIV Status? Evidence from Five African Countries",
    JOURNAL =   "World Bank Economic Review",
    YEAR =      "2009",
    volume =    "23",
    number =    "2",
    pages =     "209-233",
}
@ARTICLE{EHAP2006,
  AUTHOR =       "Esther Duflo and Pascaline Dupas and Michael Kremer and Samuel Sinei",
  TITLE =        "Education and HIV/AIDS Prevention: Evidence from a randomized evaluation in Western Kenya",
  JOURNAL =      "World Bank Policy Research Working Paper 4024",
   YEAR =         "2006",
  pages =        "1-33",
  month =        "October",
}
